<?xml version="1.0" encoding="UTF-8"?><collection><record><leader>07388ntm a2200733 a 4500</leader><controlfield tag="001">006781651</controlfield><controlfield tag="003">MiAaHDL</controlfield><controlfield tag="005">20190719000000.0</controlfield><controlfield tag="006">m        d        </controlfield><controlfield tag="007">cr bn ---auaua</controlfield><controlfield tag="008">090518s1561    xx            00| ||ara d</controlfield><datafield tag="035" ind1=" " ind2=" "><subfield code="a">(MiU)006781651</subfield></datafield><datafield tag="035" ind1=" " ind2=" "><subfield code="a">sdr-miu006781651</subfield></datafield><datafield tag="040" ind1=" " ind2=" "><subfield code="a">MiU</subfield><subfield code="c">MiU</subfield><subfield code="e">amremm</subfield></datafield><datafield tag="043" ind1=" " ind2=" "><subfield code="a">n-us-mi</subfield></datafield><datafield tag="245" ind1="0" ind2="0"><subfield code="6">880-01</subfield><subfield code="a">[Majmūʻat thalāth rasāʼil,</subfield><subfield code="f">968, i.e. 1561].</subfield></datafield><datafield tag="260" ind1=" " ind2=" "><subfield code="c">[1561].</subfield></datafield><datafield tag="300" ind1=" " ind2=" "><subfield code="a">93 leaves :</subfield><subfield code="b">paper ;</subfield><subfield code="c">203 x 155 (167 x 113) mm. bound to 211 x 158 mm.</subfield></datafield><datafield tag="500" ind1=" " ind2=" "><subfield code="a">Shelfmark: Ann Arbor, University of Michigan, Special Collections Library, Isl. Ms. 505</subfield></datafield><datafield tag="500" ind1=" " ind2=" "><subfield code="a">Origin: As appears in 'colophon' on p.3, transcription (kitābah / كتابة ) of first work begun 26 Jumādá II 968 [ca. 14 March 1561]. As appears in colophon on p.97, transcription of first work completed in 8 Rajab 968 [ca. 25 March 1561] and executed by Burhān al-Dīn ibn Aḥmad ibn Burhān al-Dīn ibn Aḥmad Zayn al-ʻĀbidīn al-Ḥusaynī al-Maʻarrī al-Ḥalabī al-Shāfiʻī al-Aḥmadī al-Shādhilī. As appears in colophon on p.144, transcription of second work completed by the same copyist ten days later, 18 Rajab 968 [ca. 4 April 1561]. As appears in colophon on p.188, transcription of final work completed by same copyist five days later, 23 Rajab 968 [ca. 9 April 1561].</subfield></datafield><datafield tag="500" ind1=" " ind2=" "><subfield code="a">Accompanying materials: a. Inventory cataloguing slip in hand of Winifred Smeaton Thomas -- b. Acquisitions slip from Yahuda.</subfield></datafield><datafield tag="500" ind1=" " ind2=" "><subfield code="a">Former shelfmark: From inner front cover and front flyleaf, "M 2" (possibly supplied by Yahuda, see acquisitions slip).</subfield></datafield><datafield tag="500" ind1=" " ind2=" "><subfield code="a">Binding: Boards covered with maroon cloth ; Western style binding ; pastedowns and flyleaves in olive green wove paper ; upper and lower covers carry block-pressed design consisting of central medalion in the form of an oval with plumes, banners and scrollwork above and below, along with scrollwork border and cornerpieces ; sewn in white thread, two stations ; overall in fairly good condition though fully detached from the textblock ; housed in box for protection.</subfield></datafield><datafield tag="500" ind1=" " ind2=" "><subfield code="a">Support: European laid paper with 9-10 laid lines per cm. (vertical), chain lines spaced 29 mm. apart (horizontal), and anchor in circle watermark with star above and "D" [?] below (see pp.30-31) ; some inclusions, well-sized and burnished.</subfield></datafield><datafield tag="500" ind1=" " ind2=" "><subfield code="a">Decoration: Keywords and section headings rubricated (orange-red ink).</subfield></datafield><datafield tag="500" ind1=" " ind2=" "><subfield code="a">Script: Naskh ; compact, somewhat angular 'Syrian' hand ; serifless and fairly vertical, mainly adhering to baseline though occasional effect of words descending to baseline, pointing in distinct dots or strokes, mainly closed counters, elongation of horizontal strokes and some descenders (particularly rāʼ, wāw, etc. in rectilinear fashion).</subfield></datafield><datafield tag="500" ind1=" " ind2=" "><subfield code="a">Layout: Written in 20-21 lines per page ; frame-ruled.</subfield></datafield><datafield tag="500" ind1=" " ind2=" "><subfield code="a">Collation: i, V-1 (9), 4 V(49), II+1 (54), 3 V(84), V-1 (93), i ; chiefly quinions ; catchwords present ; pagination in pencil, Western numerals, supplied during digitization (includes flyleaves).</subfield></datafield><datafield tag="500" ind1=" " ind2=" "><subfield code="a">Title supplied by cataloguer.</subfield></datafield><datafield tag="500" ind1=" " ind2=" "><subfield code="a">Ms. codex.</subfield></datafield><datafield tag="505" ind1="0" ind2=" "><subfield code="a">4. p.144-p.188 : Shifāʼ al-ṣudūr wa-marātib al-ḥuḍūr, wa-fī nuskhah tusammá Bayān ḥaqīqat al-wuqūf ʻalá asrār al-ḥurūf / Abū al-ʻAbbās Aḥmad ibn ʻAlī al-Būnī.</subfield></datafield><datafield tag="505" ind1="0" ind2=" "><subfield code="a">3. p.101-p.143 : Kitāb al-Qawānīn, wa-huwa Sharḥ Maḥāsin al-majālis / Abū Isḥāq al-Andalusī al-Mursī al-maʻrūf bi-Ibn al-Marʼah.</subfield></datafield><datafield tag="505" ind1="0" ind2=" "><subfield code="a">2. p.98-p.100 : [assorted excerpts including adʻaīyah attributed to al-Shādhilī, verses, etc.].</subfield></datafield><datafield tag="505" ind1="0" ind2=" "><subfield code="a">1. p.3-p.97 : Kitāb fī al-ṭarīqah / Abū al-Ḥasan ʻAlī ibn ʻAbd Allāh al-Shādhilī.</subfield></datafield><datafield tag="510" ind1="4" ind2=" "><subfield code="a">Brockelmann, C. GAL,</subfield><subfield code="c">I 497 ; S I 798, 910</subfield></datafield><datafield tag="510" ind1="4" ind2=" "><subfield code="a">Baghdādī, Ismāʻīl Bāshā. Hadīyat al-ʻārifīn,</subfield><subfield code="c">5 / 743</subfield></datafield><datafield tag="510" ind1="4" ind2=" "><subfield code="a">Brockelmann, C. GAL,</subfield><subfield code="c">I 434 ; S I 776</subfield></datafield><datafield tag="510" ind1="4" ind2=" "><subfield code="a">Brockelmann, C. GAL,</subfield><subfield code="c">I 449 ; S I 804</subfield></datafield><datafield tag="520" ind1="8" ind2=" "><subfield code="a">A collection (majmūʻah / mecmua) of three mystical works copied together in succession by the same copyist including: Kitāb fī al-ṭarīqah (or al-Ṭarīq al-ḥamīd ilá Allāh) a Ṣūfī work attributed to al-Shādhilī (d.1258), followed by Kitāb al-Qawānīn or Sharḥ Maḥāsin al-majālis, a commentary attributed to Abū Isḥāq Ibrāhīm ibn Yūsuf al-Awsī al-Andalusī al-Mursī al-maʻrūf bi-Ibn al-Marʼah upon the celebrated Ṣūfī Ibn al-ʻArīf's (d.1141) Maḥāsin al-majālis, and closing with Shifāʼ al-ṣudūr wa-marātib al-ḥuḍūr or Bayān ḥaqīqat al-wuqūf ʻalá asrār al-ḥurūf a work on mysticism and the science of letters (ʻilm al-ḥurūf) attributed to Abū al-ʻAbbās Aḥmad ibn ʻAlī al-Būnī (d.1225).</subfield></datafield><datafield tag="538" ind1=" " ind2=" "><subfield code="a">Mode of access: Internet.</subfield></datafield><datafield tag="541" ind1=" " ind2=" "><subfield code="a">Acquired in 1926 from the bookseller Isaac Benjamin S.E. Yahuda via purchase transacted on his behalf by his younger brother, the famous Orientalist and manuscript collector Abraham Shalom Yahuda (1877-1951).</subfield></datafield><datafield tag="546" ind1=" " ind2=" "><subfield code="a">Arabic.</subfield></datafield><datafield tag="561" ind1=" " ind2=" "><subfield code="a">Waqf statement on 'title page' for second work (p.101) in name of Muḥammad Saʻīd Āghā ( محمد سعيد اغا ) , accompanied by circular seal impression (likely dated 1167 [1753 or 4]), statement reads "وقفت وقفا صحيحا بحيث لا يباع وانا الفقير محمد سعيد اغا" ; occasional glosses and marginal corrections.</subfield></datafield><datafield tag="600" ind1="1" ind2="0"><subfield code="a">Ibn al-ʻArīf, Aḥmad ibn Muḥammad,</subfield><subfield code="d">1088-1141.</subfield><subfield code="t">Maḥāsin al-majālis.</subfield></datafield><datafield tag="650" ind1=" " ind2="0"><subfield code="a">Manuscripts, Arabic</subfield><subfield code="z">Michigan</subfield><subfield code="z">Ann Arbor.</subfield></datafield><datafield tag="650" ind1=" " ind2="0"><subfield code="a">Islamic occultism</subfield><subfield code="v">Early works to 1800.</subfield></datafield><datafield tag="650" ind1=" " ind2="0"><subfield code="a">Mysticism</subfield><subfield code="x">Islam</subfield><subfield code="v">Early works to 1800.</subfield></datafield><datafield tag="650" ind1=" " ind2="0"><subfield code="a">Arabic alphabet</subfield><subfield code="x">Religious aspects</subfield><subfield code="x">Islam</subfield><subfield code="v">Early works to 1800.</subfield></datafield><datafield tag="650" ind1=" " ind2="0"><subfield code="a">Spiritual life</subfield><subfield code="x">Islam</subfield><subfield code="v">Early works to 1800.</subfield></datafield><datafield tag="650" ind1=" " ind2="0"><subfield code="a">Sufism</subfield><subfield code="v">Early works to 1800.</subfield></datafield><datafield tag="700" ind1="0" ind2=" "><subfield code="6">880-08</subfield><subfield code="a">Burhān al-Dīn ibn Aḥmad al-Ḥusaynī al-Maʻarrī al-Ḥalabī,</subfield><subfield code="d">fl. 1561,</subfield><subfield code="e">scribe.</subfield></datafield><datafield tag="700" ind1="1" ind2="2"><subfield code="6">880-05</subfield><subfield code="a">Būnī, Aḥmad ibn ʻAlī,</subfield><subfield code="d">-1225.</subfield><subfield code="t">Shifāʼ al-ṣudūr wa-marātib al-ḥuḍūr.</subfield></datafield><datafield tag="700" ind1="0" ind2="2"><subfield code="6">880-03</subfield><subfield code="a">Abū Isḥāq Ibrāhīm ibn Yūsuf al-Awsī al-Andalusī al-Mursī,</subfield><subfield code="c">Ibn al-Marʼah.</subfield><subfield code="t">Sharḥ Maḥāsin al-majālis.</subfield></datafield><datafield tag="700" ind1="1" ind2="2"><subfield code="6">880-02</subfield><subfield code="a">Shādhilī, Abū al-Ḥasan ʻAlī ibn ʻAbd Allāh,</subfield><subfield code="d">approximately 1196-1258.</subfield><subfield code="t">Kitāb fī al-ṭarīqah.</subfield></datafield><datafield tag="740" ind1="0" ind2="2"><subfield code="6">880-06</subfield><subfield code="a">Bayān ḥaqīqat al-wuqūf ʻalá asrār al-ḥurūf</subfield></datafield><datafield tag="740" ind1="0" ind2="2"><subfield code="6">880-04</subfield><subfield code="a">Kitāb al-Qawānīn</subfield></datafield><datafield tag="773" ind1="0" ind2=" "><subfield code="a">Yahuda Collection.</subfield></datafield><datafield tag="880" ind1="0" ind2=" "><subfield code="6">700-08/</subfield><subfield code="a">برهان الدين بن احمد الحسيني المعري الحلبي,</subfield><subfield code="e">ناسخ.</subfield></datafield><datafield tag="880" ind1="0" ind2="2"><subfield code="6">740-06/</subfield><subfield code="a">بيان حقيقة الوقوف على كشف اسرار الحروف</subfield></datafield><datafield tag="880" ind1="1" ind2="2"><subfield code="6">700-05/</subfield><subfield code="a">بوني، احمد بن علي.</subfield><subfield code="t">شفاء الصدور ومراتب الحضور.</subfield></datafield><datafield tag="880" ind1="0" ind2="2"><subfield code="6">740-04/</subfield><subfield code="a">كتاب القوانين</subfield></datafield><datafield tag="880" ind1="0" ind2="2"><subfield code="6">700-03/</subfield><subfield code="a">ابو اسحاق ابراهيم بن يوسف الاوسي الاندلسي المرسي،</subfield><subfield code="c">ابن المرأة.</subfield><subfield code="t">شرح محاسن المجالس.</subfield></datafield><datafield tag="880" ind1="1" ind2="2"><subfield code="6">700-02/</subfield><subfield code="a">شاذلي، ابو الحسن علي بن عبد الله.</subfield><subfield code="t">كتاب في الطريقة.</subfield></datafield><datafield tag="880" ind1="0" ind2="0"><subfield code="6">245-01/</subfield><subfield code="a">[مجموعة ثلاث رسائل,</subfield><subfield code="f">968ه، 1561م].</subfield></datafield><datafield tag="CID" ind1=" " ind2=" "><subfield code="a">006781651</subfield></datafield><datafield tag="DAT" ind1="0" ind2=" "><subfield code="a">20190719102635.0</subfield><subfield code="b">20190719000000.0</subfield></datafield><datafield tag="DAT" ind1="1" ind2=" "><subfield code="a">20190719090653.0</subfield><subfield code="b">2019-07-19T16:11:24Z</subfield></datafield><datafield tag="DAT" ind1="2" ind2=" "><subfield code="a">2015-10-02T18:00:03Z</subfield></datafield><datafield tag="CAT" ind1=" " ind2=" "><subfield code="a">SDR-MIU</subfield><subfield code="d">EX LIBRIS - ALEPH</subfield><subfield code="l">prepare.pl-004-008</subfield></datafield><datafield tag="FMT" ind1=" " ind2=" "><subfield code="a">BK</subfield></datafield><datafield tag="HOL" ind1=" " ind2=" "><subfield code="0">sdr-miu006781651</subfield><subfield code="a">MiU</subfield><subfield code="b">SDR</subfield><subfield code="c">MIU</subfield><subfield code="p">mdp.39015079125780</subfield><subfield code="s">MIU</subfield><subfield code="1">006781651</subfield></datafield><datafield tag="974" ind1=" " ind2=" "><subfield code="b">MIU</subfield><subfield code="c">MIU</subfield><subfield code="d">20190719</subfield><subfield code="s">lit-dlps-dc</subfield><subfield code="u">mdp.39015079125780</subfield><subfield code="y">1561</subfield><subfield code="r">pd</subfield><subfield code="q">bib</subfield><subfield code="t">non-US bib date1 &lt; 1879</subfield></datafield></record></collection>